@article {Duistermaat,
    AUTHOR = {Duistermaat, J. J.},
     TITLE = {On global action-angle coordinates},
   JOURNAL = {Comm. Pure Appl. Math.},
  FJOURNAL = {Communications on Pure and Applied Mathematics},
    VOLUME = {33},
      YEAR = {1980},
    NUMBER = {6},
     PAGES = {687--706},
      ISSN = {0010-3640},
   MRCLASS = {58F05 (58G15 70G10)},
  MRNUMBER = {596430},
MRREVIEWER = {Helmut R\"{u}ssmann},
       DOI = {10.1002/cpa.3160330602},
       URL = {https://doi.org/10.1002/cpa.3160330602},
}

@article {Delzant,
    AUTHOR = {Delzant, T.},
     TITLE = {Hamiltoniens p\'{e}riodiques et images convexes de l'application
              moment},
   JOURNAL = {Bull. Soc. Math. France},
  FJOURNAL = {Bulletin de la Soci\'{e}t\'{e} Math\'{e}matique de France},
    VOLUME = {116},
      YEAR = {1988},
    NUMBER = {3},
     PAGES = {315--339},
      ISSN = {0037-9484},
   MRCLASS = {58F05},
  MRNUMBER = {984900},
MRREVIEWER = {J. J. Duistermaat},
       URL = {http://www.numdam.org/item?id=BSMF_1988__116_3_315_0},
}

@book {CieliebakEliashberg,
    AUTHOR = {Cieliebak, K. and Eliashberg, Ya.},
     TITLE = {From {S}tein to {W}einstein and back},
    SERIES = {American Mathematical Society Colloquium Publications},
    VOLUME = {59},
      NOTE = {Symplectic geometry of affine complex manifolds},
 PUBLISHER = {American Mathematical Society, Providence, RI},
      YEAR = {2012},
     PAGES = {xii+364},
      ISBN = {978-0-8218-8533-8},
   MRCLASS = {53-02 (32E10 32Q65 53C15 53D05 58E05)},
  MRNUMBER = {3012475},
MRREVIEWER = {Chris M. Wendl},
       DOI = {10.1090/coll/059},
       URL = {https://doi.org/10.1090/coll/059},
}

@article {Rana,
    AUTHOR = {Rana, J.},
     TITLE = {A boundary divisor in the moduli spaces of stable quintic
              surfaces},
   JOURNAL = {Internat. J. Math.},
  FJOURNAL = {International Journal of Mathematics},
    VOLUME = {28},
      YEAR = {2017},
    NUMBER = {4},
     PAGES = {1750021, 61},
      ISSN = {0129-167X},
   MRCLASS = {14J29 (14J10 14J17)},
  MRNUMBER = {3639040},
       DOI = {10.1142/S0129167X17500215},
       URL = {http://dx.doi.org/10.1142/S0129167X17500215},
}

@article {KSB,
    AUTHOR = {Koll\'ar, J. and Shepherd-Barron, N. I.},
     TITLE = {Threefolds and deformations of surface singularities},
   JOURNAL = {Invent. Math.},
  FJOURNAL = {Inventiones Mathematicae},
    VOLUME = {91},
      YEAR = {1988},
    NUMBER = {2},
     PAGES = {299--338},
      ISSN = {0020-9910},
   MRCLASS = {14J10 (14D20 14J30 32G10 32G13)},
  MRNUMBER = {922803},
MRREVIEWER = {Yujiro Kawamata},
       DOI = {10.1007/BF01389370},
       URL = {http://dx.doi.org/10.1007/BF01389370},
}

@book{McDuffSalamon,
  AUTHOR={McDuff, D. and Salamon, D.},
  TITLE={Introduction to symplectic topology},
  YEAR={2005},
  EDITION={Second},
  PUBLISHER={Oxford University Press}
}

@incollection {Symington,
    AUTHOR = {Symington, M.},
     TITLE = {Four dimensions from two in symplectic topology},
 BOOKTITLE = {Topology and geometry of manifolds ({A}thens, {GA}, 2001)},
    SERIES = {Proc. Sympos. Pure Math.},
    VOLUME = {71},
     PAGES = {153--208},
 PUBLISHER = {Amer. Math. Soc., Providence, RI},
      YEAR = {2003},
   MRCLASS = {53D35 (53D20 55R55 57R17)},
  MRNUMBER = {2024634},
MRREVIEWER = {Vicente Mu\~noz},
       DOI = {10.1090/pspum/071/2024634},
       URL = {https://doi.org/10.1090/pspum/071/2024634},
}

@article{ES1,
  AUTHOR={Evans, J. D. and Smith, I.},
  TITLE={Markov numbers and {L}agrangian cell complexes in the complex projective plane},
  YEAR={2018},
  JOURNAL={Geom. Topol.},
  FJOURNAL={Geometry \& Topology},
  VOLUME={22},
  NUMBER={2},
  PAGES={1143--1180},
}

@article{ES2,
  AUTHOR={Evans, J. D. and Smith, I.},
  TITLE={Bounds on {W}ahl singularities from symplectic topology},
  JOURNAL={arXiv:1708.02268, to appear in Algebraic Geometry},
  YEAR={2017}
}

@article{HP1,
  AUTHOR={Hacking, P. and Prokhorov, Yu.},
  TITLE={Degenerations of {D}el {P}ezzo surfaces {I}},
  JOURNAL={arXiv:0509529},
  YEAR={2005}
}

@article{HP2,
  AUTHOR={Hacking, P. and Prokhorov, Yu.},
  TITLE={Smoothable del {P}ezzo surfaces with quotient singularities},
  JOURNAL={Compositio Mathematica},
  VOLUME={146},
  NUMBER={1},
  PAGES={169--192},
  YEAR={2010}
}

@article{RU,
  AUTHOR={Rana, J. and Urz\'ua, G.},
  TITLE={Bounding {T}-singularities on {KSBA} surfaces},
  YEAR={2019},
  JOURNAL={Advances in Mathematics},
  VOLUME={345},
  PAGES={814--844}
}

@article {HTU,
    AUTHOR = {Hacking, P. and Tevelev, J. and Urz\'ua, G.},
     TITLE = {Flipping surfaces},
   JOURNAL = {J. Algebraic Geom.},
  FJOURNAL = {Journal of Algebraic Geometry},
    VOLUME = {26},
      YEAR = {2017},
    NUMBER = {2},
     PAGES = {279--345},
      ISSN = {1056-3911},
   MRCLASS = {14E30 (13F60)},
  MRNUMBER = {3606997},
}


@article{Lisca,
  AUTHOR={Lisca, P.},
  TITLE={On symplectic fillings of lens spaces},
  JOURNAL={Transactions of the American Mathematical Society},
  YEAR={2008},
  VOLUME={360},
  PAGES={765--799}
}

@article{NPP,
  AUTHOR={N\'emethi, A. and Popescu-Pampu, P.},
  TITLE={On the {M}ilnor fibers of cyclic quotient singularities},
  JOURNAL={Proceedings of the London Mathematical Society},
  VOLUME={101},
  NUMBER={3},
  YEAR={2010},
  PAGES={554--588}
}

@article{Zung,
  AUTHOR={Zung, N. T.},
  TITLE={Symplectic topology of integrable {H}amiltonian systems, {II}: topological classification},
  JOURNAL={Compositio Mathematica},
  YEAR={2003},
  VOLUME={138},
  NUMBER={2},
  PAGES={125--156}
}

@article{Auroux,
  AUTHOR={Auroux, D.},
  TITLE={Mirror symmetry and {T}-duality in the complement of an anticanonical divisor},
  JOURNAL={Journal of G\"okova Geometry Topology},
  VOLUME={1},
  YEAR={2007},
  PAGES={51--91}
}

@article{EU,
  AUTHOR={Evans, J. D. and Urz\'ua, G.},
  TITLE={Antiflips, mutations, and unbounded symplectic embeddings of rational homology balls},
  JOURNAL={arXiv:1807.0607},
  YEAR={2018}
}